@article{sinha2002recognizing,
  title={Recognizing complex patterns},
  author={Sinha, Pawan},
  journal={nature neuroscience},
  volume={5},
  pages={1093--1097},
  year={2002},
  publisher={Nature Publishing Group}
}
@inproceedings{doermann1993logo,
  title={Logo recognition using geometric invariants},
  author={Doermann, David S and Rivlin, Ehud and Weiss, Isaac},
  booktitle={Document Analysis and Recognition, 1993., Proceedings of the Second International Conference on},
  pages={894--897},
  year={1993},
  organization={IEEE}
}

@inproceedings{soffer1998using,
  title={Using negative shape features for logo similarity matching},
  author={Soffer, Aya and Samet, Hanan},
  booktitle={Pattern Recognition, 1998. Proceedings. Fourteenth International Conference on},
  volume={1},
  pages={571--573},
  year={1998},
  organization={IEEE}
}

@inproceedings{den2003logo,
  title={Logo recognition in video stills by string matching},
  author={den Hollander, Richard JM and Hanjalic, Alan},
  booktitle={Image Processing, 2003. ICIP 2003. Proceedings. 2003 International Conference on},
  volume={3},
  pages={III--517},
  year={2003},
  organization={IEEE}
}
