@article {JCOM,
author = {Yang, Moonhee and Roskos-Ewoldsen, David R.},
title = {The Effectiveness of Brand Placements in the Movies: Levels of Placements, Explicit and Implicit Memory, and Brand-Choice Behavior},
journal = {Journal of Communication},
volume = {57},
number = {3},
publisher = {Blackwell Publishing Inc},
issn = {1460-2466},
url = {http://dx.doi.org/10.1111/j.1460-2466.2007.00353.x},
doi = {10.1111/j.1460-2466.2007.00353.x},
pages = {469--489},
year = {2007},
}
