@article {JCOM,
author = {Yang, Moonhee and Roskos-Ewoldsen, David R.},
title = {The Effectiveness of Brand Placements in the Movies: Levels of Placements, Explicit and Implicit Memory, and Brand-Choice Behavior},
journal = {Journal of Communication},
volume = {57},
number = {3},
publisher = {Blackwell Publishing Inc},
issn = {1460-2466},
url = {http://dx.doi.org/10.1111/j.1460-2466.2007.00353.x},
doi = {10.1111/j.1460-2466.2007.00353.x},
pages = {469--489},
year = {2007},
}

@book{baig2013contemporary,
	title={Contemporary Ideas and Research in Marketing},
	author={Baig, Ebad and Tahir, Hina and Shahzadi, Iram and Azar, Faiza},
	year={2013},
	publisher={Lulu. com}
}

@misc{CONCE,
	author = {},
	title = {Concept of Embedded Marketing \& Product Placement | Chron.com},
	howpublished = {\url{http://smallbusiness.chron.com/concept-embedded-marketing-product-placement-20278.html}},
	month = {},
	year = {},
	note = {(Visited on 12/14/2014)}
}

@misc{adver7:online,
	author = {},
	title = {advertisement: definition of advertisement in Oxford dictionary (British \& World English)},
	howpublished = {\url{http://www.oxforddictionaries.com/definition/english/advertisement}},
	month = {},
	year = {},
	note = {(Visited on 12/14/2014)}
}

@misc{What3:online,
	author = {},
	title = {What is branding? Defining Logo, Brand Identity, And Brand | Visible Logic},
	howpublished = {\url{http://www.visiblelogic.com/blog/2013/02/logo-brand-identity-brand-what-is-branding/}},
	month = {},
	year = {},
	note = {(Visited on 12/14/2014)}
}

@misc{Depth6:online,
	author = {},
	title = {Depth Image Based Rendering},
	howpublished = {\url{http://www.epixea.com/research/multi-view-coding-thesisse18.html}},
	month = {},
	year = {},
	note = {(Visited on 12/14/2014)}
}

@inproceedings{haakansson2013portal,
  title={Portal of research methods and methodologies for research projects and degree projects},
  author={H{\aa}kansson, Anne},
  booktitle={Proceedings of the International Conference on Frontiers in Education: Computer Science and Computer Engineering FECS'13},
  pages={67--73},
  year={2013},
  organization={CSREA Press USA}
}